%%[1]
@inproceedings{BENZAKEN:2011:INRIA-00532552:1,
   address = "{Hannover, Germany}",
   author = "{Véronique Benzaken and Jean-Daniel Fekete and Pierre-Luc Hémery and Wael Khemiri and Ioana Manolescu}",
   booktitle = "{International conference on Data Engineering (ICDE 2011)}",
   month = "{04}",
   note = "{to appear}",
   organization = "{IEEE}",
   title = "{EdiFlow: data-intensive interactive workflows for visual analytics}",
   type_publi = "{icolcomlec}",
   url = "{http://hal.inria.fr/inria-00532552/en/}",
   year = "{2011}"
}

@article{DBLP:journals/tvcg/HeerA06a,
  author    = {Jeffrey Heer and
               Maneesh Agrawala},
  title     = {Software Design Patterns for Information Visualization},
  journal   = {IEEE Trans. Vis. Comput. Graph.},
  volume    = {12},
  number    = {5},
  year      = {2006},
  pages     = {853-860},
  ee        = {http://doi.ieeecomputersociety.org/10.1109/TVCG.2006.178},
  bibsource = {DBLP, http://dblp.uni-trier.de}
}

@misc{fekete-uist2003,
   author = "{Jean-Daniel Fekete}",
   howpublished = "{ACM Symposium on User Interface Software and Technology (UIST 2003) Conference Compendium}",
   month = "{November}",
   title = "{The Infovis Toolkit}",
   type_publi = "{colloque}",
   year = "{2003}"
}

@inproceedings{DBLP:conf/chi/HeerCL05,
  author    = {Jeffrey Heer and
               Stuart K. Card and
               James A. Landay},
  title     = {prefuse: a toolkit for interactive information visualization},
  booktitle = {CHI},
  year      = {2005},
  pages     = {421-430},
  ee        = {http://doi.acm.org/10.1145/1054972.1055031},
  crossref  = {DBLP:conf/chi/2005},
  bibsource = {DBLP, http://dblp.uni-trier.de}
}

@TECHREPORT{jung2003,
  author = {Joshua O'Madadhain and Danyel Fisher and Scott White and Yan-Biao
	Boey},
  title = {The JUNG (Java Universal Graph/Network) Framework},
  institution = {UCI-ICS},
  year = {2003}
}


@inproceedings{DBLP:conf/infovis/Weaver04,
  author    = {Chris Weaver},
  title     = {Building Highly-Coordinated Visualizations in Improvise},
  booktitle = {INFOVIS},
  year      = {2004},
  pages     = {159-166},
  ee        = {http://doi.ieeecomputersociety.org/10.1109/INFOVIS.2004.12},
  crossref  = {DBLP:conf/infovis/2004},
  bibsource = {DBLP, http://dblp.uni-trier.de}
}

@MISC{vismaster2008,
  title = {VisMaster Workshop on Visual Analytics Software Architecture},
  howpublished = {http://code.google.com/p/obvious/wiki/Motivation},
  month = {December},
  year = {2008}
}

@inproceedings{lin01 ,
  author    = {Jessica Lin and
               Eamonn J. Keogh and
               Stefano Lonardi and
               Jeffrey P. Lankford and
               Donna M. Nystrom},
  title     = {Visually mining and monitoring massive time series},
  booktitle = {KDD},
  year      = {2004},
  pages     = {460-469},
  ee        = {http://doi.acm.org/10.1145/1014052.1014104},
  bibsource = {DBLP, http://dblp.uni-trier.de}
}